<?xml version="1.0" encoding="UTF-8"?><record xmlns="http://www.loc.gov/MARC21/slim" xmlns:cinclude="http://apache.org/cocoon/include/1.0" xmlns:zs="http://www.loc.gov/zing/srw/">
  <leader>00615cz  a2200157n  4500</leader>
  <controlfield tag="001">n  00037035 </controlfield>
  <controlfield tag="003">DLC</controlfield>
  <controlfield tag="005">20150702064207.0</controlfield>
  <controlfield tag="008">000323n| azannaabn          |b aaa      </controlfield>
  <datafield tag="010" ind1=" " ind2=" ">
    <subfield code="a">n  00037035 </subfield>
  </datafield>
  <datafield tag="040" ind1=" " ind2=" ">
    <subfield code="a">DLC</subfield>
    <subfield code="b">eng</subfield>
    <subfield code="e">rda</subfield>
    <subfield code="c">DLC</subfield>
    <subfield code="d">DLC</subfield>
  </datafield>
  <datafield tag="100" ind1="1" ind2=" ">
    <subfield code="a">Solomōnidou-Anastasiou, Nitsa</subfield>
  </datafield>
  <datafield tag="400" ind1="1" ind2=" ">
    <subfield code="a">Anastasiou, Nitsa Solomōnidou-</subfield>
  </datafield>
  <datafield tag="400" ind1="1" ind2=" ">
    <subfield code="a">Σολομωνίδου-Αναστασίου, Νίτσα</subfield>
  </datafield>
  <datafield tag="667" ind1=" " ind2=" ">
    <subfield code="a">Non-Latin script references not evaluated.</subfield>
  </datafield>
  <datafield tag="670" ind1=" " ind2=" ">
    <subfield code="a">Hoi phōties, 1998:</subfield>
    <subfield code="b">t.p. (Νίτσα Σολομωνίδου-Αναστασίου = Nitsa Solomōnidou-Anastasiou) flap (b. in Lapēthos)</subfield>
  </datafield>
</record>